<?xml version="1.0" encoding="UTF-8"?>
<Document xmlns="urn:iso:std:iso:20022:tech:xsd:pain.001.001.03">
  <CstmrCdtTrfInitn>
    <GrpHdr>
      <MsgId>MSG20260226220801</MsgId>
      <CreDtTm>2026-02-26T22:08:01</CreDtTm>
      <NbOfTxs>2</NbOfTxs>
      <CtrlSum>70000.00</CtrlSum>
      <InitgPty>
        <Nm>SR-Bank</Nm>
      </InitgPty>
    </GrpHdr>
    <PmtInf>
      <PmtInfId>PMT20260226220801_1</PmtInfId>
      <PmtMtd>TRF</PmtMtd>
      <NbOfTxs>1</NbOfTxs>
      <CtrlSum>65000.00</CtrlSum>
      <ReqdExctnDt>2026-02-26</ReqdExctnDt>
      <Dbtr>
        <Nm>SR-Bank</Nm>
      </Dbtr>
      <DbtrAcct>
        <Id>
          <Othr>
            <Id>00000000000</Id>
          </Othr>
        </Id>
      </DbtrAcct>
      <DbtrAgt>
        <FinInstnId>
          <BIC>SPSONO22XXX</BIC>
        </FinInstnId>
      </DbtrAgt>
      <ChrgBr>SLEV</ChrgBr>
      <CdtTrfTxInf>
        <PmtId>
          <EndToEndId>00035500057</EndToEndId>
        </PmtId>
        <Amt>
          <InstdAmt Ccy="NOK">65000.00</InstdAmt>
        </Amt>
        <CdtrAgt>
          <FinInstnId>
            <Othr>
              <Id>NOTPROVIDED</Id>
            </Othr>
          </FinInstnId>
        </CdtrAgt>
        <Cdtr>
          <Nm>Alektum (inkasso)</Nm>
        </Cdtr>
        <CdtrAcct>
          <Id>
            <Othr>
              <Id>62630632655</Id>
            </Othr>
          </Id>
        </CdtrAcct>
        <RmtInf>
          <Strd>
            <CdtrRefInf>
              <Tp>
                <CdOrPrtry>
                  <Cd>SCOR</Cd>
                </CdOrPrtry>
              </Tp>
              <Ref>00035500057</Ref>
            </CdtrRefInf>
          </Strd>
        </RmtInf>
        <SplmtryData>
          <Envlp>
            <InterntNotat>3211</InterntNotat>
          </Envlp>
        </SplmtryData>
      </CdtTrfTxInf>
    </PmtInf>
<PmtInf>
      <PmtInfId>PMT20260226220801_2</PmtInfId>
      <PmtMtd>TRF</PmtMtd>
      <NbOfTxs>1</NbOfTxs>
      <CtrlSum>5000.00</CtrlSum>
      <ReqdExctnDt>2026-02-27</ReqdExctnDt>
      <Dbtr>
        <Nm>SR-Bank</Nm>
      </Dbtr>
      <DbtrAcct>
        <Id>
          <Othr>
            <Id>00000000000</Id>
          </Othr>
        </Id>
      </DbtrAcct>
      <DbtrAgt>
        <FinInstnId>
          <BIC>SPSONO22XXX</BIC>
        </FinInstnId>
      </DbtrAgt>
      <ChrgBr>SLEV</ChrgBr>
      <CdtTrfTxInf>
        <PmtId>
          <EndToEndId>Innbetaling fra kraft bank</EndToEndId>
        </PmtId>
        <Amt>
          <InstdAmt Ccy="NOK">5000.00</InstdAmt>
        </Amt>
        <CdtrAgt>
          <FinInstnId>
            <Othr>
              <Id>NOTPROVIDED</Id>
            </Othr>
          </FinInstnId>
        </CdtrAgt>
        <Cdtr>
          <Nm>Alektum (finans)</Nm>
        </Cdtr>
        <CdtrAcct>
          <Id>
            <Othr>
              <Id>31323001572</Id>
            </Othr>
          </Id>
        </CdtrAcct>
        
        <SplmtryData>
          <Envlp>
            <InterntNotat>3211</InterntNotat>
          </Envlp>
        </SplmtryData>
      </CdtTrfTxInf>
    </PmtInf>
  </CstmrCdtTrfInitn>
</Document>